

@article{cathey-dailey:2003,
          TITLE = {A prescription for transit arrival/departure prediction using automatic vehicle location data},
         AUTHOR = {F. W. Cathey and D. J. Dailey},
	   YEAR = {2003},
	JOURNAL = {Transport Research Part C},
	 VOLUME = {11},
          PAGES = {241--264},
	    DOI = {10.1016/S0968-090X(03)00023-8}
}

@article{chang-etal:2010,
          TITLE = {Dynamic multi-interval bus travel time prediction using bus transit data},
         AUTHOR = {Hyunho Chang and Dongjoo Park and Seungjae Lee and Hosang Lee and Seungkirl Baek},
           YEAR = {2010},
        JOURNAL = {Transportmetrica},
         VOLUME = {6},
         NUMBER = {1},
          PAGES = {19--38},
            DOI = {10.1080/18128600902929591}
}

@article{jeong-rilett:2005,
          TITLE = {Prediction Model of Bus Arrival Time for Real-Time Applications},
	 AUTHOR = {Ranhee Jeong and Laurence R. Rilett},
	   YEAR = {2005},
	JOURNAL = {Journal of the Transportation Research Board},
	 VOLUME = {1927},
	  PAGES = {196--204},
	    DOI = {http://dx.doi.org/10.3141/1927-23}
}

@article{yu-etal:2006,
          TITLE = {Bus Arrival Time Prediction Using Support Vector Machines},
	 AUTHOR = {Bin Yu and Yang, Zhong Zhen and Yao, Bao Zhen},
	   YEAR = {2006},
	JOURNAL = {Journal of Intelligent Transportation Systems},
	 VOLUME = {10},
	 NUMBER = {4},
	  PAGES = {151--158},
	    DOI = {10.1080/15472450600981009}
}

@article{yu-etal:2010,
          TITLE = {Hybrid model for predictiong of bus arrival times at next station},
	 AUTHOR = {Bin Yu and Yang, Zhong Zhen and Kang Chen and Bo Yu},
	   YEAR = 2010,
	JOURNAL = {Journal of Advanced Transportation},
	 VOLUME = 44,
	 NUMBER = 3,
	  PAGES = {193--204},
	    DOI = {10.1002/atr.136}
}

@article{yu-etal:2011,
          TITLE = {Bus arrival time prediction at bus stop with multiple routes},
         AUTHOR = {Bin Yu and William H. K. Lam and Mei Lam Tam},
           YEAR = 2011,
        JOURNAL = {Transportation Research Part C},
         VOLUME = 19,
         NUMBER = 6,
          PAGES = {1157--1170},
            DOI = {10.1016/j.trc.2011.01.003}
}








@misc{cn,
 TITLE = {There are references that need citing},
AUTHOR = {{A Citation Needed}},
  YEAR = 9999,
}