@article{carpenter-etal:1999,
          TITLE = {Improved particle filter for nonlinear problems},
         AUTHOR = {J. Carpenter and P. Clifford and P. Fearnhead},
           YEAR = {1999},
        JOURNAL = {IEE Proceedings - Radar, Sonar and Navigation},
         VOLUME = {146},
         NUMBER = {1},
          PAGES = {2--7},
	    DOI = {10.1049/ip-rsn:19990255}
}

@article{cathey-dailey:2003,
          TITLE = {A prescription for transit arrival/departure prediction using automatic vehicle location data},
         AUTHOR = {F. W. Cathey and D. J. Dailey},
	   YEAR = {2003},
	JOURNAL = {Transport Research Part C},
	 VOLUME = {11},
          PAGES = {241--264},
	    DOI = {10.1016/S0968-090X(03)00023-8}
}

@article{chang-etal:2010,
          TITLE = {Dynamic multi-interval bus travel time prediction using bus transit data},
         AUTHOR = {Hyunho Chang and Dongjoo Park and Seungjae Lee and Hosang Lee and Seungkirl Baek},
           YEAR = {2010},
        JOURNAL = {Transportmetrica},
         VOLUME = {6},
         NUMBER = {1},
          PAGES = {19--38},
            DOI = {10.1080/18128600902929591}
}

@article{chen-rakha:2014,
          TITLE = {Real-time travel time prediction using particle filtering with a non-explicit state-transition model},
         AUTHOR = {Hao Chen and Hesham A. Rakha},
           YEAR = {2014},
        JOURNAL = {Transportation Research Part C},
         VOLUME = {43},
          PAGES = {112--126},
            DOI = {10.1016/j.trc.2014.02.008}
}


@article{dailey:2001,
          TITLE = {Transit vehicle arrival prediction: algorithm and large-scale implementation},
         AUTHOR = {D. J. Dailey and S. D. Maclean and F. W. Cathey and Z. R. Wall},
           YEAR = {2001},
        JOURNAL = {Transportation Research Record: Journal of the Tranportation Research Board},
         VOLUME = {1771},
          PAGES = {46--51},
	    DOI = {10.3141/1771-06}
}

@article{gordon-etal:1993,
          TITLE = {Novel approach to nonlinear/non-{G}aussian {B}ayesian state estimation},
         AUTHOR = {N. J. Gordon and D. J. Salmond and A. F. M. Smith},
           YEAR = {1993},
        JOURNAL = {IEE Proceedings F - Radar and Signal Processing},
         VOLUME = {140},
         NUMBER = {2},
          PAGES = {107--113},
	    DOI = {10.1049/ip-f-2.1993.0015}
}

@article{gustafsson-etal:2002,
          TITLE = {Particle Filters for Positioning, Navigation, and Tracking},
         AUTHOR = {Fredrik Gustafsson and Fredrik Gunnarsson and Niclas Bergman and Urban Forssell and Jonas Jansson and Rickard Karlsson and Per-Johan Nordlund},
           YEAR = 2002,
        JOURNAL = {IEEE Transactions on Signal Processing},
         VOLUME = 50,
         NUMBER = 2,
          PAGES = {425--437}
}

@article{hans-etal:2015,
          TITLE = {Real-time bus route state forecasting using particle filter and mesoscopic modeling},
         AUTHOR = {Etienne Hans and Nicolas Chiabaut and Ludovic Leclercq and Robert L. Bertini},
           YEAR = 2015,
        JOURNAL = {Transportation Research Part C},
         VOLUME = 61,
          PAGES = {121--140},
            DOI = {10.1016/j.trc.2015.10.017}
}

@article{jeong-rilett:2005,
          TITLE = {Prediction Model of Bus Arrival Time for Real-Time Applications},
	 AUTHOR = {Ranhee Jeong and Laurence R. Rilett},
	   YEAR = {2005},
	JOURNAL = {Journal of the Transportation Research Board},
	 VOLUME = {1927},
	  PAGES = {196--204},
	    DOI = {10.3141/1927-23}
}

@article{mazloumi-etal:2011,
          TITLE = {Prediction intervals to account for uncertainties in neural network predictions: {M}ethodology and application in bus travel time prediction},
         AUTHOR = {Ehsan Mazloumi and Geoff Rose and Graham Currie and Sara Moridpour},
           YEAR = {2011},
        JOURNAL = {Engineering Applications of Artificial Intelligence},
         VOLUME = {24},
          PAGES = {534--542},
            DOI = {10.1016/j.engappai.2010.11.004}
}

@inproceedings{wall-dailey:1999,
          TITLE = {An algorithm for predicting the arrival time of mass transit vehicles using Automatic Vehicle Location Data},
         AUTHOR = {Z. Wall and D.J. Dailey},
           YEAR = {1999},
	   BOOKTITLE = {Proceedings of the Transportation Research Board Annual Meeting}
}

@article{yu-etal:2006,
          TITLE = {Bus Arrival Time Prediction Using Support Vector Machines},
	 AUTHOR = {Bin Yu and Yang, Zhong Zhen and Yao, Bao Zhen},
	   YEAR = {2006},
	JOURNAL = {Journal of Intelligent Transportation Systems},
	 VOLUME = {10},
	 NUMBER = {4},
	  PAGES = {151--158},
	    DOI = {10.1080/15472450600981009}
}

@article{yu-etal:2010,
          TITLE = {Hybrid model for predictiong of bus arrival times at next station},
	 AUTHOR = {Bin Yu and Yang, Zhong Zhen and Kang Chen and Bo Yu},
	   YEAR = 2010,
	JOURNAL = {Journal of Advanced Transportation},
	 VOLUME = 44,
	 NUMBER = 3,
	  PAGES = {193--204},
	    DOI = {10.1002/atr.136}
}

@article{yu-etal:2011,
          TITLE = {Bus arrival time prediction at bus stop with multiple routes},
         AUTHOR = {Bin Yu and William H. K. Lam and Mei Lam Tam},
           YEAR = 2011,
        JOURNAL = {Transportation Research Part C},
         VOLUME = 19,
         NUMBER = 6,
          PAGES = {1157--1170},
            DOI = {10.1016/j.trc.2011.01.003}
}





@techreport{tcrp:2003,
        TITLE = {Real-time bus arrival information systems},
       AUTHOR = {{Transit Cooperative Research Program}},
       INSTITUTION = {Transportation Research Board},
         YEAR = {2003},
	 TYPE = {TCRP synthesis},
	 ADDRESS = {Washington, DC},
	 NUMBER = 48
}
@techreport{tcrp:2003b,
        TITLE = {Strategies for improved traveler information},
       AUTHOR = {{Transit Cooperative Research Program}},
       INSTITUTION = {Transportation Research Board},
         YEAR = {2003},
	 TYPE = {TCRP report},
	 ADDRESS = {Washington, DC},
	 NUMBER = 92
}
@techreport{tcrp:1997,
        TITLE = {AVL Systems for Bus Transit},
       AUTHOR = {{Transit Cooperative Research Program}},
       INSTITUTION = {Transportation Research Board},
         YEAR = {1997},
	 TYPE = {TCRP synthesis},
	 ADDRESS = {Washington, DC},
	 NUMBER = 24
}
	 



@misc{gtfs,
    TITLE = {\emph{What is {GTFS}?}},
    AUTHOR = {{Google Developers}},
    YEAR = 2006,
    INSTITUTION = {Google},
    howpublished = {https://developers.google.com/transit/gtfs/}
}



@misc{cn,
 TITLE = {There are references that need citing},
AUTHOR = {{A Citation Needed}},
  YEAR = 9999,
}